@article{feld2018hybrid,
  title={A Hybrid Solution Method for the Capacitated Vehicle Routing Problem Using a Quantum Annealer},
  author={Feld, Sebastian and Roch, Christoph and Gabor, Thomas and Seidel, Christian and Neukart, Florian and Galter, Isabella and Mauerer, Wolfgang and Linnhoff-Popien, Claudia},
  journal={arXiv preprint arXiv:1811.07403},
  year={2018}
}